% Encoding: UTF-8

@Article{Baltagi2006,
  author        = {Baltagi, Badi H},
  title         = {Estimating an economic model of crime using panel data from North Carolina},
  journal       = {Journal of Applied Econometrics},
  year          = {2006},
  volume        = {21},
  number        = {4},
  pages         = {543--547},
  __markedentry = {[baltagli:1]},
  publisher     = {Wiley Online Library},
}

@Book{Bottomley1986,
  title         = {Crime and punishment: Interpreting the data},
  publisher     = {Open University Press Milton Keynes},
  year          = {1986},
  author        = {Bottomley, A Keith and Pease, Ken},
  __markedentry = {[ingo:6]},
}

@Article{Lowry2003,
  author        = {Lowry, Dennis T and Nio, Tarn Ching Josephine and Leitner, Dennis W},
  title         = {Setting the public fear agenda: A longitudinal analysis of network TV crime reporting, public perceptions of crime, and FBI crime statistics},
  journal       = {Journal of communication},
  year          = {2003},
  volume        = {53},
  number        = {1},
  pages         = {61--73},
  __markedentry = {[ingo:6]},
  publisher     = {Wiley Online Library},
}

@Article{Fernandez1991,
  author        = {Fernandez, Joseph M},
  title         = {Bringing Hate Crime into Focus-The Hate Crime Statistics Act of 1990, Pub. L. No. 101-275},
  journal       = {HARV. CR-CLL REV.},
  year          = {1991},
  volume        = {26},
  pages         = {261--285},
  __markedentry = {[ingo:6]},
}

@Article{Brennan2012,
  author        = {Brennan, Shannon},
  title         = {Police-reported crime statistics in Canada, 2011},
  journal       = {Juristat: Canadian Centre for Justice Statistics},
  year          = {2012},
  pages         = {1},
  __markedentry = {[ingo:6]},
  publisher     = {Statistics Canada},
}

@Article{MacDonald2002,
  author        = {MacDonald, Ziggy},
  title         = {Official crime statistics: their use and interpretation},
  journal       = {The Economic Journal},
  year          = {2002},
  volume        = {112},
  number        = {477},
  __markedentry = {[ingo:6]},
  publisher     = {Wiley Online Library},
}

@Book{Herbert1982,
  title         = {The geography of urban crime},
  publisher     = {Longman London},
  year          = {1982},
  author        = {Herbert, David T},
  __markedentry = {[ingo:6]},
}

@Comment{jabref-meta: databaseType:bibtex;}
